@inproceedings{gift:2017,
    author = {Banik, Subhadeep and Kumar Pandey, Sumit and Peyrin, Thomas and Sasaki, Yu and Sim, Siang Meng and Todo, Yosuke},
    year = {2017},
    month = {08},
    pages = {321-345},
    title = {GIFT: A Small Present},
    isbn = {978-3-319-66786-7},
    doi = {10.1007/978-3-319-66787-4_16}
}

@inproceedings{implx86:2014,
    author="Benadjila, Ryad and Guo, Jian and Lomn{\'e}, Victor
    and Peyrin, Thomas",
    editor="Lange, Tanja
    and Lauter, Kristin
    and Lison{\v{e}}k, Petr",
    title="Implementing Lightweight Block Ciphers on x86 Architectures",
    booktitle="Selected Areas in Cryptography -- SAC 2013",
    year="2014",
    publisher="Springer Berlin Heidelberg",
    address="Berlin, Heidelberg",
    pages="324--351",
    isbn="978-3-662-43414-7"
}
